% Encoding: UTF-8

@Article{Ishikawa_2015,
  author    = {Taro Ishikawa and Misa Shimuta and Michael HÃ¤usser},
  journal   = {{eLife}},
  title     = {Multimodal sensory integration in single cerebellar granule cells in vivo},
  year      = {2015},
  month     = {dec},
  volume    = {4},
  doi       = {10.7554/elife.12916},
  publisher = {{eLife} Sciences Publications, Ltd},
}

@Article{Huang_2013,
  author    = {Cheng-Chiu Huang and Ken Sugino and Yasuyuki Shima and Caiying Guo and Suxia Bai and Brett D Mensh and Sacha B Nelson and Adam W Hantman},
  journal   = {{eLife}},
  title     = {Convergence of pontine and proprioceptive streams onto multimodal cerebellar granule cells},
  year      = {2013},
  month     = {feb},
  volume    = {2},
  doi       = {10.7554/elife.00400},
  publisher = {{eLife} Sciences Publications, Ltd},
}

@Article{Yagi_2016,
  author    = {Ryosuke Yagi and Yuta Mabuchi and Makoto Mizunami and Nobuaki K. Tanaka},
  journal   = {Scientific Reports},
  title     = {Convergence of multimodal sensory pathways to the mushroom body calyx in Drosophila melanogaster},
  year      = {2016},
  month     = {jul},
  number    = {1},
  volume    = {6},
  doi       = {https://doi.org/10.1038/srep29481},
  publisher = {Springer Science and Business Media {LLC}},
}

@Article{Poo_2020,
  author    = {Cindy Poo and Gautam Agarwal and Niccol{\`{o}} Bonacchi and Zachary Mainen},
  journal   = {bioRXiv},
  title     = {Spatial maps in olfactory cortex during olfactory navigation},
  year      = {2020},
  month     = {feb},
  doi       = {https://doi.org/10.1101/2020.02.18.935494},
  publisher = {Cold Spring Harbor Laboratory},
}

@Article{Babadi_2014,
  author    = {Baktash Babadi and Haim Sompolinsky},
  journal   = {Neuron},
  title     = {Sparseness and Expansion in Sensory Representations},
  year      = {2014},
  month     = {sep},
  number    = {5},
  pages     = {1213--1226},
  volume    = {83},
  doi       = {https://doi.org/10.1016/j.neuron.2014.07.035},
  publisher = {Elsevier {BV}},
}

@Article{Fusi_2016,
  author    = {Stefano Fusi and Earl K Miller and Mattia Rigotti},
  journal   = {Current Opinion in Neurobiology},
  title     = {Why neurons mix: high dimensionality for higher cognition},
  year      = {2016},
  month     = {apr},
  pages     = {66--74},
  volume    = {37},
  doi       = {https://doi.org/10.1016/j.conb.2016.01.010},
  publisher = {Elsevier {BV}},
}

@Comment{jabref-meta: databaseType:bibtex;}
